@INPROCEEDINGS{7218377, 
author={P. Huang and C. J. Liu and X. Yang and L. Xiao}, 
booktitle={Computer Communications (INFOCOM), 2015 IEEE Conference on}, 
title={Efficient broadcast on fragmented spectrum in cognitive radio networks}, 
year={2015}, 
pages={145-153}, 
keywords={cognitive radio;radio spectrum management;telecommunication scheduling;channel rendezvous;cognitive radio networks;efficient broadcast;fragmented spectrum;minimum latency scheduling problem;spectrum fragment agile broadcast scheme;spectrum resources;wideband channel;Interference;OFDM;Radio transmitters;Receivers;Time-domain analysis;Unicast;Wideband}, 
doi={10.1109/INFOCOM.2015.7218377}, 
month={April},}